<?xml version="1.0" encoding="UTF-8"?><record xmlns="http://www.loc.gov/MARC21/slim" xmlns:cinclude="http://apache.org/cocoon/include/1.0" xmlns:zs="http://www.loc.gov/zing/srw/">
  <leader>00560nz  a2200133n  4500</leader>
  <controlfield tag="001">n 2011006783</controlfield>
  <controlfield tag="003">DLC</controlfield>
  <controlfield tag="005">20110202074926.0</controlfield>
  <controlfield tag="008">110201n| acannaabn          |n ana      </controlfield>
  <datafield tag="010" ind1=" " ind2=" ">
    <subfield code="a">n 2011006783</subfield>
  </datafield>
  <datafield tag="040" ind1=" " ind2=" ">
    <subfield code="a">DLC</subfield>
    <subfield code="b">eng</subfield>
    <subfield code="c">DLC</subfield>
  </datafield>
  <datafield tag="110" ind1="2" ind2=" ">
    <subfield code="a">Towarzystwo Muzyczne im. I. J. Paderewskiego w Bydgoszczy</subfield>
  </datafield>
  <datafield tag="670" ind1=" " ind2=" ">
    <subfield code="a">Ignacy Jan Paderewski, 2007:</subfield>
    <subfield code="b">t.p. (Towarzystwo Muzyczne im. I. J. Paderewskiego w Bydgoszczy)</subfield>
  </datafield>
  <datafield tag="670" ind1=" " ind2=" ">
    <subfield code="a">Wikipedia, Feb. 1, 2011</subfield>
    <subfield code="b">(Towarzystwo Muzyczne im. I. J. Paderewskiego w Bydgoszczy - powstało krótko po odzyskaniu niepodległości, w 1922 roku)</subfield>
  </datafield>
</record>